<record><leader>00000cas a2200000 a 4500</leader><controlfield tag="001">9188726</controlfield><controlfield tag="008">830204d18651868caudn ne      0    0eng  </controlfield><datafield ind1=" " ind2=" " tag="010"><subfield code="a">sn 82016194 </subfield></datafield><datafield ind1=" " ind2=" " tag="040"><subfield code="a">DLC</subfield><subfield code="b">eng</subfield><subfield code="c">DLC</subfield><subfield code="d">NPV</subfield><subfield code="d">DLC</subfield><subfield code="d">NPX</subfield><subfield code="d">DLC</subfield><subfield code="d">OCL</subfield><subfield code="d">DLC</subfield><subfield code="d">YOX</subfield><subfield code="d">CNK</subfield><subfield code="d">NVF</subfield><subfield code="d">DLC</subfield><subfield code="d">CNK</subfield><subfield code="d">KRTAS</subfield><subfield code="d">TXA</subfield><subfield code="d">OCLCQ</subfield><subfield code="d">OCLCF</subfield><subfield code="d">OCLCO</subfield></datafield><datafield ind1=" " ind2=" " tag="019"><subfield code="a">2259314</subfield></datafield><datafield ind1="1" ind2=" " tag="029"><subfield code="a">AU@</subfield><subfield code="b">000026478811</subfield></datafield><datafield ind1=" " ind2=" " tag="042"><subfield code="a">pcc</subfield></datafield><datafield ind1=" " ind2=" " tag="043"><subfield code="a">n-us-ca</subfield></datafield><datafield ind1="0" ind2="0" tag="050"><subfield code="a">Newspaper N &amp; CPR</subfield></datafield><datafield ind1="0" ind2="4" tag="245"><subfield code="a">The daily dramatic chronicle.</subfield></datafield><datafield ind1="3" ind2="0" tag="246"><subfield code="a">Dramatic chronicle</subfield></datafield><datafield ind1=" " ind2=" " tag="260"><subfield code="a">San Francisco, Calif. :</subfield><subfield code="b">G. &amp; C. DeYoung,</subfield><subfield code="c">1865-1868.</subfield></datafield><datafield ind1=" " ind2=" " tag="300"><subfield code="a">v.</subfield></datafield><datafield ind1=" " ind2=" " tag="310"><subfield code="a">Daily (except Sunday)</subfield></datafield><datafield ind1="0" ind2=" " tag="362"><subfield code="a">Vol. 1, no. 1 (Jan. 16, 1865)-v. 8, no. 40 (Aug. 31, 1868).</subfield></datafield><datafield ind1=" " ind2=" " tag="530"><subfield code="a">Available on microfilm from Bay Microfilm Inc.</subfield></datafield><datafield ind1=" " ind2=" " tag="580"><subfield code="a">Split into: Daily morning chronicle (San Francisco, Calif.), and: Dramatic review (San Francisco, Calif.).</subfield></datafield><datafield ind1=" " ind2="0" tag="651"><subfield code="a">San Francisco (Calif.)</subfield><subfield code="v">Newspapers.</subfield></datafield><datafield ind1=" " ind2="7" tag="655"><subfield code="a">Newspapers.</subfield><subfield code="2">fast</subfield><subfield code="0">(OCoLC)fst01423814</subfield></datafield><datafield ind1=" " ind2="7" tag="651"><subfield code="a">California</subfield><subfield code="z">San Francisco.</subfield><subfield code="2">fast</subfield><subfield code="0">(OCoLC)fst01204481</subfield></datafield><datafield ind1=" " ind2=" " tag="752"><subfield code="a">United States</subfield><subfield code="b">California</subfield><subfield code="c">San Francisco</subfield><subfield code="d">San Francisco.</subfield></datafield><datafield ind1="0" ind2="8" tag="776"><subfield code="i">Online version:</subfield><subfield code="t">Daily dramatic chronicle</subfield><subfield code="w">(DLC)  2010263178</subfield><subfield code="w">(OCoLC)728662884</subfield></datafield><datafield ind1="1" ind2="6" tag="785"><subfield code="t">Daily morning chronicle (San Francisco, Calif.)</subfield><subfield code="w">(DLC)sn 82016193</subfield><subfield code="w">(OCoLC)9187365</subfield></datafield><datafield ind1="1" ind2="6" tag="785"><subfield code="t">Dramatic review (San Francisco, Calif.)</subfield><subfield code="w">(DLC)sn2004061327</subfield></datafield><datafield ind1="4" ind2="1" tag="856"><subfield code="u">http://proquest.umi.com/</subfield></datafield><datafield ind1=" " ind2=" " tag="938"><subfield code="a">Kirtas Technologies, Inc.</subfield><subfield code="b">KRTS</subfield><subfield code="n">736161</subfield></datafield></record>